%
% General LHCb / SciFi documents and notes
%
@techreport{SciFi-TDR,
      author        = "LHCb-Collaboration",
      title         = "{LHCb Tracker Upgrade Technical Design Report}",
      institution   = "CERN",
      address       = "Geneva",
      number        = "CERN-LHCC-2014-001. LHCB-TDR-015",
      month         = "Feb",
      year          = "2014",
}

@techreport{Winding,
      author        = "Ekelhof, R",
      title         = "{Winding Machine Requirements - Fibre Mat Production
                       Machine for the SciFi Tracker of LHCb}",
      institution   = "CERN",
      address       = "Geneva",
      number        = "LHCb-INT-2014-031. CERN-LHCb-INT-2014-031",
      month         = "Jul",
      year          = "2014",
}

@techreport{FibreMatProduction,
      author        = "Ekelhof, Robert and Mueller, Janine",
      title         = "{Fibre Mat Production Dortmund}",
      subtitle = "{listing the steps and the time, material and
                             people needed for each of those}",
      institution   = "CERN",
      address       = "Geneva",
      number        = "LHCb-INT-2014-046. CERN-LHCb-INT-2014-046",
      month         = "Nov",
      year          = "2014",
      reportNumber  = "LHCb-INT-2014-046",
      url           = "https://cds.cern.ch/record/1970467",
}

@techreport{WindingSimulation,
      author        = "Mueller, Janine",
      title         = "{Winding Simulation}",
      subtitle = "{}",
 }