%
% General LHCb / SciFi documents and notes
%
@incollection{MOG01,
    author  =  {KaewTraKulPong, P. and Bowden, R.},
    booktitle     =  {Video-Based Surveillance Systems},
    doi     =  {10.1007/978-1-4615-0913-4\_11},
    editor  =  {Remagnino, Paolo and Jones, GraemeA and Paragios, Nikos and Regazzoni, CarloS},
    keywords      =  {detection, tracking},
    pages   =  {135--144},
    publisher     =  {Springer US},
    title   =  {{An Improved Adaptive Background Mixture Model for Real-time Tracking with Shadow Detection}},
    url     =  {http://dx.doi.org/10.1007/978-1-4615-0913-4\_11},
    year    =  {2002}
}

@INPROCEEDINGS{MOG204,
      author      = {Zivkovic, Z.},
      booktitle   = {Pattern Recognition, 2004. ICPR 2004. Proceedings of the 17th International Conference on},
      title = {Improved adaptive Gaussian mixture model for background subtraction},
      year  = {2004},
      month = {Aug},
      volume      = {2},
      pages = {28-31 Vol.2},
      keywords    = {Gaussian processes;computer vision;recursive functions;adaptive Gaussian mixture model;background subtraction;computer vision;pixel-level approach;probability density;recursive equations;Adaptive algorithm;Cameras;Computer vision;Density functional theory;Equations;Intelligent systems;Layout;Object detection;Pixel;Surveillance},  
      doi   = {10.1109/ICPR.2004.1333992},
      ISSN  = {1051-4651}
}

@INPROCEEDINGS{GMG12,
      author      = {Godbehere, A. B., Matsukawa, A. and Goldberg, K.},
      booktitle   = {American Control Conference (ACC), 2012},
      title       = {Visual tracking of human visitors under variable-lighting conditions for a responsive audio art installation},
      year  = {2012},
      month       = {June},
      pages       = {4305-4312},
      keywords    = {Kalman filters;art;image matching;image segmentation;object tracking;statistical analysis;video signal processing;F2-score;Gale-Shapley matching;Kalman filters;OpenCV 2.1;multitarget tracking   problem;per-pixel Bayesian segmentation;responsive audio art installation;single-camera statistical segmentation algorithm;skylit atrium;source code;statistical background image estimation;tracking   algorithm;variable-lighting conditions;video;visual human visitors tracking;Approximation algorithms;Heuristic algorithms;Histograms;Image color analysis;Image segmentation;Kalman filters;Vectors},   
      doi   = {10.1109/ACC.2012.6315174},
      ISSN  = {0743-1619}
}

@article{Yuen90,
      author      = {Yuen, H. K., Princen, J., Illingworth, J. and Kittler, J.},
      title       = {Comparative Study of Hough Transform Methods for Circle Finding},
      journal     = {Image Vision Comput.},
      issue_date  = {February 1990},
      volume      = {8},
      number      = {1},
      month       = feb,
      year  = {1990},
      issn  = {0262-8856},
      pages       = {71--77},
      numpages    = {7},
      url   = {http://dx.doi.org/10.1016/0262-8856(90)90059-E},
      doi   = {10.1016/0262-8856(90)90059-E},
      acmid       = {81200},
      publisher   = {Butterworth-Heinemann},
      address     = {Newton, MA, USA},
} 

@techreport{Bouguet02PyrLK,
    author  = {Bouguet, J.-Y.},
    institution   = {Intel Corporation Microprocessor Research Labs},
    keywords      = {multi-resolution-pyramid, optical-flow},
    title   = {{Pyramidal Implementation of the Lucas Kanade Feature Tracker: Description of the Algorithm}},
    url     = {http://citeseerx.ist.psu.edu/viewdoc/summary?doi=10.1.1.185.585},
    year    = {2000}
}


@inproceedings{LK81,
    address = {San Francisco, CA, USA},
    author = {Lucas, B. D. and Kanade, T.},
    booktitle = {Proceedings of the 7th International Joint Conference on Artificial Intelligence - Volume 2},
    keywords = {registration},
    location = {Vancouver, BC, Canada},
    pages = {674--679},
    publisher = {Morgan Kaufmann Publishers Inc.},
    series = {IJCAI'81},
    title = {{An Iterative Image Registration Technique with an Application to Stereo Vision}},
    url = {http://portal.acm.org/citation.cfm?id=1623280},
    year = {1981}
}


@INPROCEEDINGS{ShiTomasi94,
      author      = {Shi, J. and Tomasi, C.},
      booktitle   = {Computer Vision and Pattern Recognition, 1994. Proceedings CVPR '94., 1994 IEEE Computer Society Conference on},
      title       = {Good features to track},
      year  = {1994},
      month       = {Jun},
      pages       = {593-600},
      keywords    = {computer vision;feature extraction;tracking;Newton-Raphson style search methods;affine image transformations;disocclusions;feature monitoring;feature selection;feature-based;occlusions;performance;tracker;tracking;vision system;Feature extraction;Machine vision;Tracking},
      doi   = {10.1109/CVPR.1994.323794},
      ISSN  = {1063-6919}
}
